@Book{Sakai,
  author =	"{酒井 聡樹}",
  title  = 	"{これから論文を書く若者のために}", 
  publisher =	"{共立出版}",
  year   =	 2002
}


@Article{Inaba_IJRR2000,
  fullauthor = 	"M.Inaba and S. Kagami and F. Kanehiro and Y. Hoshino
		  and H. Inoue",
  author = 	"M.Inaba and S. Kagami and F. Kanehiro and Y. Hoshino
		  and H. Inoue",
  title  = 	"{A Platform for Robotics Research Based on the
		  Remote-Brained Robot Approach}",
  journal = 	"The International Journal of Robotics Research",
  volume = {19},
  number = {10},
  pages  = {933--954},
  year   = 2000
}

@InProceedings{EusLisp:Matsui:SPDP94,
  author = {T. Matsui}, 
  title  = 	 "{Multithread object-oriented language euslisp for parallel and asynchronous programming in robotics}", 
  booktitle = 	"Workshop on Concurrent Object-based Systems, IEEE 6th Symposium on Parallel and Distributed Processing",
  year   =	 1994,
  pages  =	 {}
}

@INPROCEEDINGS{Ishikawa, 
author={T. Senoo et al.}, 
booktitle={Robotics and Automation, 2004. Proceedings. ICRA '04. 2004 IEEE International Conference on}, 
title={High-speed batting using a multi-jointed manipulator}, 
year={2004}, 
volume={2}, 
pages={1191-1196 Vol.2}
}

@INPROCEEDINGS{Terasawa, 
author={R. Terasawa et al.}, 
booktitle={2016 IEEE-RAS 16th International Conference on Humanoid Robots (Humanoids)}, 
title={Achievement of dynamic tennis swing motion by offline motion planning and online trajectory modification based on optimization with a humanoid robot}, 
year={2016}, 
pages={1094-1100}
}

@INPROCEEDINGS{Kojima, 
author={K. Kojima et al.}, 
booktitle={2015 IEEE-RAS 15th International Conference on Humanoid Robots (Humanoids)}, 
title={Development of life-sized high-power humanoid robot JAXON for real-world use}, 
year={2015}, 
pages={838-843}
}